<?xml version="1.0" encoding="UTF-8"?>

<marc:record xmlns:marc="http://www.loc.gov/MARC21/slim" xmlns:xsi="http://www.w3.org/2001/XMLSchema-instance" xsi:schemaLocation="http://www.loc.gov/MARC21/slim http://www.loc.gov/standards/marcxml/schema/MARC21slim.xsd">
  <marc:leader>nam a22 7a 4500</marc:leader>
  <marc:controlfield tag="001">001046653</marc:controlfield>
  <marc:controlfield tag="003">CZ BrMZK</marc:controlfield>
  <marc:controlfield tag="005">20070312081637.0</marc:controlfield>
  <marc:controlfield tag="007">ta</marc:controlfield>
  <marc:controlfield tag="008">070312q15001510xr fr|||||00| ||czeod</marc:controlfield>
  <marc:datafield tag="040" ind1=" " ind2=" ">
    <marc:subfield code="a">BOA001</marc:subfield>
    <marc:subfield code="b">cze</marc:subfield>
  </marc:datafield>
  <marc:datafield tag="072" ind1=" " ind2="7">
    <marc:subfield code="a">091</marc:subfield>
    <marc:subfield code="x">Rukopisy</marc:subfield>
    <marc:subfield code="2">Konspekt</marc:subfield>
    <marc:subfield code="9">12</marc:subfield>
  </marc:datafield>
  <marc:datafield tag="080" ind1=" " ind2=" ">
    <marc:subfield code="a">(0.032)</marc:subfield>
    <marc:subfield code="2">MRF</marc:subfield>
  </marc:datafield>
  <marc:datafield tag="080" ind1=" " ind2=" ">
    <marc:subfield code="a">091"15/21"</marc:subfield>
    <marc:subfield code="2">MRF</marc:subfield>
  </marc:datafield>
  <marc:datafield tag="100" ind1="0" ind2=" ">
    <marc:subfield code="a">Vladislav Jagellonský</marc:subfield>
    <marc:subfield code="b">II.,</marc:subfield>
    <marc:subfield code="c">český a uherský král,</marc:subfield>
    <marc:subfield code="d">1456-1516</marc:subfield>
    <marc:subfield code="7">jn20000728804</marc:subfield>
    <marc:subfield code="4">aut</marc:subfield>
  </marc:datafield>
  <marc:datafield tag="245" ind1="1" ind2="1">
    <marc:subfield code="a">[Zřízení zemské vladislavské z r. 1500]</marc:subfield>
  </marc:datafield>
  <marc:datafield tag="260" ind1=" " ind2=" ">
    <marc:subfield code="c">1500-1510</marc:subfield>
  </marc:datafield>
  <marc:datafield tag="300" ind1=" " ind2=" ">
    <marc:subfield code="a">266 [spr. 267] l. ;</marc:subfield>
    <marc:subfield code="c">210 x 160 mm</marc:subfield>
  </marc:datafield>
  <marc:datafield tag="655" ind1=" " ind2="7">
    <marc:subfield code="a">rukopisy</marc:subfield>
    <marc:subfield code="2">czenas</marc:subfield>
  </marc:datafield>
  <marc:datafield tag="650" ind1="0" ind2="7">
    <marc:subfield code="a">novověké rukopisy</marc:subfield>
    <marc:subfield code="2">czenas</marc:subfield>
  </marc:datafield>
  <marc:datafield tag="910" ind1=" " ind2=" ">
    <marc:subfield code="b">Mk-0000.065</marc:subfield>
  </marc:datafield>
  <marc:datafield tag="985" ind1=" " ind2=" ">
    <marc:subfield code="a">1501-1550</marc:subfield>
  </marc:datafield>
</marc:record>
